@Article{citedpaper,
  author =       {Jane Doe and John Doe},
  title =        {The Title of their Paper},
  journal =      {Some Journal},
  year =         {1888},
  month =        {January},
  volume =       {1},
  number =       {1},
  publisher =    {Publisher},
}
